% Research on airway 
@inproceedings{nakano2002development,
  title={Development and validation of human airway analysis algorithm using multidetector row CT},
  author={Nakano, Yasutaka and Whittall, Kenneth P and Kalloger, Steve E and Coxson, Harvey O and Flint, Julia and Pare, Peter D and English, John C},
  booktitle={Medical Imaging 2002},
  pages={460--469},
  year={2002},
  organization={International Society for Optics and Photonics}
}

@article{abramson2011three,
  title={Three-dimensional computed tomographic airway analysis of patients with obstructive sleep apnea treated by maxillomandibular advancement},
  author={Abramson, Zachary and Susarla, Srinivas M and Lawler, Matthew and Bouchard, Carl and Troulis, Maria and Kaban, Leonard B},
  journal={Journal of Oral and Maxillofacial Surgery},
  volume={69},
  number={3},
  pages={677--686},
  year={2011},
  publisher={Elsevier}
}

@article{hong2014statistical,
  title={Statistical atlas construction via weighted functional boxplots},
  author={Hong, Yi and Davis, Brad and Marron, JS and Kwitt, Roland and Singh, Nikhil and Kimbell, Julia S and Pitkin, Elizabeth and Superfine, Richard and Davis, Stephanie D and Zdanski, Carlton J and others},
  journal={Medical image analysis},
  volume={18},
  number={4},
  pages={684--698},
  year={2014},
  publisher={Elsevier}
}

% Research on 4D CT
@article{ford2003respiration,
  title={Respiration-correlated spiral CT: a method of measuring respiratory-induced anatomic motion for radiation treatment planning},
  author={Ford, EC and Mageras, GS and Yorke, E and Ling, CC},
  journal={Medical physics},
  volume={30},
  number={1},
  year={2003},
  publisher={American Association of Physicists in Medicine}
}

@article{guerrero2006dynamic,
  title={Dynamic ventilation imaging from four-dimensional computed tomography},
  author={Guerrero, Thomas and Sanders, Kevin and Castillo, Edward and Zhang, Yin and Bidaut, Luc and Pan, Tinsu and Komaki, Ritsuko},
  journal={Physics in medicine and biology},
  volume={51},
  number={4},
  year={2006},
  publisher={IOP Publishing}
}

% Registration on image
@article{hill2001medical,
  title={Medical image registration},
  author={Hill, Derek LG and Batchelor, Philipp G and Holden, Mark and Hawkes, David J},
  journal={Physics in medicine and biology},
  volume={46},
  number={3},
  pages={R1},
  year={2001},
  publisher={IOP Publishing}
}

@article{otiras2013deformable,
  title={Deformable medical image registration: A survey},
  author={Sotiras, Aristeidis and Davatzikos, Christos and Paragios, Nikos},
  journal={Medical Imaging, IEEE Transactions on},
  volume={32},
  number={7},
  pages={1153--1190},
  year={2013},
  publisher={IEEE}
}

% Registration on shape
@article{belongie2002shape,
  title={Shape matching and object recognition using shape contexts},
  author={Belongie, Serge and Malik, Jitendra and Puzicha, Jan},
  journal={Pattern Analysis and Machine Intelligence, IEEE Transactions on},
  volume={24},
  number={4},
  pages={509--522},
  year={2002},
  publisher={IEEE}
}

@article{li2012temporally,
  title={Temporally coherent completion of dynamic shapes},
  author={Li, Hao and Luo, Linjie and Vlasic, Daniel and Peers, Pieter and Popovi{\'c}, Jovan and Pauly, Mark and Rusinkiewicz, Szymon},
  journal={ACM Transactions on Graphics (TOG)},
  volume={31},
  number={1},
  pages={2},
  year={2012},
  publisher={ACM}
}

% Detection
@inproceedings{dalal2005histograms,
  title={Histograms of oriented gradients for human detection},
  author={Dalal, Navneet and Triggs, Bill},
  booktitle={Computer Vision and Pattern Recognition, 2005. CVPR 2005. IEEE Computer Society Conference on},
  volume={1},
  pages={886--893},
  year={2005},
  organization={IEEE}
}

@inproceedings{vondrick2013hoggles,
  title={Hoggles: Visualizing object detection features},
  author={Vondrick, Carl and Khosla, Aditya and Malisiewicz, Tomasz and Torralba, Antonio},
  booktitle={Computer Vision (ICCV), 2013 IEEE International Conference on},
  pages={1--8},
  year={2013},
  organization={IEEE}
}

@article{marron2007distance,
  title={Distance-weighted discrimination},
  author={Marron, JS and Todd, Michael J and Ahn, Jeongyoun},
  journal={Journal of the American Statistical Association},
  volume={102},
  number={480},
  pages={1267--1271},
  year={2007},
  publisher={Taylor \& Francis}
}

% Landmark detection
@incollection{han2014robust,
  title={Robust Anatomical Landmark Detection for MR Brain Image Registration},
  author={Han, Dong and Gao, Yaozong and Wu, Guorong and Yap, Pew-Thian and Shen, Dinggang},
  booktitle={Medical Image Computing and Computer-Assisted Intervention--MICCAI 2014},
  pages={186--193},
  year={2014},
  publisher={Springer}
}

@article{ehrhardt2010automatic,
  title={Automatic landmark detection and non-linear landmark-and surface-based registration of lung CT images},
  author={Ehrhardt, Jan and Werner, Ren{\'e} and Schmidt-Richberg, Alexander and Handels, Heinz},
  journal={Medical Image Analysis for the Clinic-A Grand Challenge, MICCAI 2010},
  pages={165--174},
  year={2010}
}

% Simplified model
@incollection{pizer2013nested,
  title={Nested sphere statistics of skeletal models},
  author={Pizer, Stephen M and Jung, Sungkyu and Goswami, Dibyendusekhar and Vicory, Jared and Zhao, Xiaojie and Chaudhuri, Ritwik and Damon, James N and Huckemann, Stephan and Marron, JS},
  booktitle={Innovations for Shape Analysis},
  pages={93--115},
  year={2013},
  publisher={Springer}
}

% Registration on curve
@book{ramsay2006functional,
  title={Functional data analysis},
  author={Ramsay, James O},
  year={2006},
  publisher={Wiley Online Library}
}

% Atlas
@incollection{hong2013weighted,
  title={Weighted functional boxplot with application to statistical atlas construction},
  author={Hong, Yi and Davis, Brad and Marron, JS and Kwitt, Roland and Niethammer, Marc},
  booktitle={MICCAI 2013},
  pages={584--591},
  year={2013},
  publisher={Springer}
}

@article{sun2011functional,
  title={Functional boxplots},
  author={Sun, Ying and Genton, Marc G},
  journal={Journal of Computational and Graphical Statistics},
  volume={20},
  number={2},
  year={2011}
}

% Tracheomalacia
@article{chung2011ct,
  title={CT of diffuse tracheal diseases},
  author={Chung, Jonathan H and Kanne, Jeffrey P and Gilman, Matthew D},
  journal={American Journal of Roentgenology},
  volume={196},
  number={3},
  pages={W240--W246},
  year={2011},
  publisher={Am Roentgen Ray Soc}
}

@article{boiselle2009tracheal,
  title={Tracheal Collapsibility in Healthy Volunteers during Forced Expiration: Assessment with Multidetector CT 1},
  author={Boiselle, Phillip M and O'Donnell, Carl R and Bankier, Alexander A and Ernst, Armin and Millet, Mary E and Potemkin, Alexis and Loring, Stephen H},
  journal={Radiology},
  volume={252},
  number={1},
  pages={255--262},
  year={2009},
  publisher={Radiological Society of North America, Inc.}
}

@article{hasegawa2003tracheomalacia,
  title={Tracheomalacia incidentally detected on CT pulmonary angiography of patients with suspected pulmonary embolism},
  author={Hasegawa, Ichiro and Boiselle, Phillip M and Raptopoulos, Vassilios and Hatabu, Hiroto},
  journal={American Journal of Roentgenology},
  volume={181},
  number={6},
  pages={1505--1509},
  year={2003},
  publisher={Am Roentgen Ray Soc}
}