@article{Baskerville:2011,
        AUTHOR = "Baskerville, H.",
        TITLE="Leap, Hop, Sprint: Prey Locomotion Review",
        JOURNAL = "Current Opinion in Escapology",
        YEAR = "2011"
}

@article{Mangey:2011,
        AUTHOR = "Mangey, D.",
        TITLE="Stick model of {R}oad {R}unner motion",
        JOURNAL = "Carnivorous Informatics",
        YEAR = "2011"
}